@book{andvel1984statistische,
  title={Statistische Analyse von Zeitreihen},
  author={And{\v{e}}l, Ji{\v{r}}{\'\i}},
  volume={35},
  year={1984},
  publisher={Akademie-Verlag}
}

@book{sasvari2000characteristic,
  title={Characteristic functions and moment sequences: positive definiteness in probability},
  author={Sasv{\'a}ri, Zolt{\'a}n},
  year={2000},
  publisher={Nova Publishers}
}

@book{brockwell1991time,
  title={Time Series: Theory and Methods: Theory and Methods},
  author={Brockwell, Peter J and Davis, Richard A and Fienberg, Stephen E},
  year={1991},
  publisher={Springer Science \& Business Media}
}

@article{cohen2005history,
  title={The history of noise [on the 100th anniversary of its birth]},
  author={Cohen, Leon},
  journal={IEEE Signal Processing Magazine},
  volume={22},
  number={6},
  pages={20--45},
  year={2005},
  publisher={IEEE}
}

@book{GnedenkoEinführungInDieWTheorie,
	author = { Gnedenko, Boris V. AND Roßberg, Hans-Joachim },
	title = { Einführung in die Wahrscheinlichkeitstheorie : mit 28 Tabellen. Mit einem Anh. des Hrsg. über Positiv definite Verteilungsdichten / },
	publisher = {Akad.-Verl.,},
	isbn = {3055012704},
	isbn = {9783055012709},
	keywords = { Probabilities , Wahrscheinlichkeitstheorie },
	year = {1991},
	abstract = {Aus dem Russ. übers},
	booktitle = {Mathematische Lehrbücher und Monographien : Abteilung 1, Mathematische Lehrbücher ;},
	address = { Berlin : },
	url = { http://slubdd.de/katalog?TN_libero_mab2)289685 }
}

@article{gikhman1977introduction,
  title={Introduction to the theory of stochastic processes//(Russian book)},
  author={Gikhman, I Io and Skorokhod, AV},
  journal={Moscow, Izdatel'stvo Nauka, 1977. 568 p, In Russian},
  year={1977}
}

@book{gikhman2015theory,
  title={The theory of stochastic processes I},
  author={Gikhman, Iosif I and Skorokhod, Anatoli V},
  year={2015},
  publisher={Springer}
}

@article{khintchine1934korrelationstheorie,
  title={Korrelationstheorie der station{\"a}ren stochastischen Prozesse},
  author={Khintchine, Alexander},
  journal={Mathematische Annalen},
  volume={109},
  number={1},
  pages={604--615},
  year={1934},
  publisher={Springer}
}

@book{krylov2002introduction,
  title={Introduction to the theory of random processes},
  author={Krylov, Nikolai Vladimirovich},
  volume={43},
  year={2002},
  publisher={American Mathematical Soc.}
}

@article{matheron1972leccon,
  title={Le{\c{c}}on sur les fonctions al{\'e}atoire d’ordre 2},
  author={Matheron, G},
  journal={Ecole des Mines de Paris, C-53},
  year={1972}
}

@book{yaglom2012correlation,
  title={Correlation theory of stationary and related random functions: Supplementary notes and references},
  author={Yaglom, AM},
  year={2012},
  publisher={Springer Science \& Business Media}
}

@book{wengenroth2008wahrscheinlichkeitstheorie,
  title={Wahrscheinlichkeitstheorie},
  author={Wengenroth, Jochen},
  year={2008},
  publisher={Walter de Gruyter}
}

@book{wong2012stochastic,
  title={Stochastic processes in engineering systems},
  author={Wong, Eugene and Hajek, Bruce},
  year={2012},
  publisher={Springer Science \& Business Media}
}
