@book{billingsley2008probability,
  title={Probability and measure},
  author={Billingsley, Patrick},
  year={1995},
  publisher={John Wiley \& Sons}
}

@book{billingsley2013convergence,
  title={Convergence of probability measures},
  author={Billingsley, Patrick},
  year={1968},
  publisher={John Wiley \& Sons}
}

@book{borodin2012handbook,
  title={Handbook of Brownian motion-facts and formulae},
  author={Borodin, Andrei N and Salminen, Paavo},
  year={2002},
  publisher={Birkh{\"a}user}
}

@book{czado2011mathematische,
  title={Mathematische Statistik},
  author={Czado, Claudia and Schmidt, Thorsten},
  year={2011},
  publisher={Springer}
}

@book{dudley2018real,
  title={Real Analysis and Probability},
  author={Dudley, Richard M},
  year={1999},
  publisher={Chapman and Hall/CRC}
}

@misc{heuser1975funktionalanalysis,
  title={Funktionalanalysis},
  author={Heuser, Harro},
  year={2006},
  publisher={Teubner}
}

@article{hjort2011asymptotics,
  title={Asymptotics for minimisers of convex processes},
  author={Hjort, Nils Lid and Pollard, David},
  journal={arXiv preprint arXiv:1107.3806},
  year={2011}
}

@book{jacod2012probability,
  title={Probability essentials},
  author={Jacod, Jean and Protter, Philip},
  year={2000},
  publisher={Springer Science \& Business Media}
}

@book{kallenberg2006foundations,
  title={Foundations of modern probability},
  author={Kallenberg, Olav},
  year={1997},
  publisher={Springer}
}

@article{hand2008statistical,
  title={Statistical Decision Theory: Estimation, Testing, and Selection by Friedrich Liese, Klaus-J. Miescke},
  author={Hand, David J},
  journal={International Statistical Review},
  volume={76},
  number={3},
  pages={450--450},
  year={2008},
  publisher={Wiley Online Library}
}

@article{witting1995mathematische,
  title={Mathematische Statistik II: Asymptotische Statistik: Parametrische Statistik und nichtparametrische Modelle},
  author={Witting, H and M{\"u}ller-Funk, U},
  journal={Teubner, Stuttgart},
  volume={1985},
  year={1985}
}

@misc{rockafellerconvex,
  title={Convex analysis. 1970},
  author={Rockafeller, RT},
  publisher={Princeton University Press, Princeton, NJ},
  year={1972}
}

@book{royden1988real,
  title={Real analysis},
  author={Royden, Halsey Lawrence and Fitzpatrick, Patrick},
  volume={32},
  year={1988},
  publisher={Macmillan New York}
}

@book{schmidt2011mass,
  title={Ma{\ss} und Wahrscheinlichkeit},
  author={Schmidt, Klaus D},
  year={2011},
  publisher={Springer-Verlag}
}

@article{schubert423277teubner,
  title={Teubner, Stuttgart, 1975, Eine Einf{\"u}hrung, Vierte Auflage, Mathematische Leitf{\"a}den},
  author={Schubert, H and Topologie, BG},
  journal={MR},
  volume={423277},
  number={54},
  pages={11257}
}

@book{shorack2009empirical,
  title={Empirical processes with applications to statistics},
  author={Shorack, Galen R and Wellner, Jon A},
  volume={59},
  year={1986},
  publisher={Siam}
}

@article{smirnov1949limit,
  title={Limit distributions for the terms of a variational series},
  author={Smirnov, Nikolai Vasil'evich},
  journal={Trudy Matematicheskogo Instituta imeni VA Steklova},
  volume={25},
  pages={3--60},
  year={1949},
  publisher={Russian Academy of Sciences, Steklov Mathematical Institute of Russian~â€¦}
}

@book{ganssler2013wahrscheinlichkeitstheorie,
  title={Wahrscheinlichkeitstheorie},
  author={G{\"a}nssler, Peter and Stute, Winfried},
  year={2013},
  publisher={Springer-Verlag}
}