@book{christensen2011plane,
  title={Plane answers to complex questions: the theory of linear models},
  author={Christensen, Ronald},
  year={2011},
  publisher={Springer Science \& Business Media}
}

@book{fahrmeir2015multivariate,
  title={Multivariate statistische verfahren},
  author={Fahrmeir, Ludwig and Hamerle, Alfred and Tutz, Gerhard},
  year={2015},
  publisher={Walter de Gruyter GmbH \& Co KG}
}

@incollection{fischer2018lineare,
  title={Lineare algebra},
  author={Fischer, Helmut and Kaul, Helmut},
  booktitle={Mathematik f{\"u}r Physiker Band 1},
  pages={284--387},
  year={2018},
  publisher={Springer}
}
