@book{christensen2011plane,
  title={Plane answers to complex questions: the theory of linear models},
  author={Christensen, Ronald},
  year={2011},
  publisher={Springer Science \& Business Media}
}

@book{fahrmeir2015multivariate,
  title={Multivariate statistische verfahren},
  author={Fahrmeir, Ludwig and Hamerle, Alfred and Tutz, Gerhard},
  year={2015},
  publisher={Walter de Gruyter GmbH \& Co KG}
}

@book{fischerLinAlg,
	author = { Fischer, Gerd },
	title = { Lineare Algebra / },
	edition = { 11., verb. Aufl., 115. - 124. Tsd. } ,
	publisher = {Vieweg,},
	isbn = {3528772174},
	isbn = {9783528772178},
	keywords = { Algebras, linear , Lineare Algebra , f Lehrbuch , Lehrbuch },
	year = {1997},
	booktitle = {Vieweg-Studium ;},
	address = { Braunschweig ; , Wiesbaden : },
	url = { http://slubdd.de/katalog?TN_libero_mab2)342441 }
}

@book{hockingAnalysisOfLinearModels,
	author = { Hocking, Ronald R. },
	title = { Methods and applications of linear models : regression and the analysis of variance / },
	publisher = {Wiley,},
	isbn = {047159282X},
	isbn = {9780471592822},
	keywords = { Regression analysis , Analysis of variance , Linear models (Statistics) , Statistical analysis , Lineares Regressionsmodell , Lineares Modell , Varianzanalyse },
	year = {c1996},
	abstract = {Includes bibliographical references (p.713-726) and index},
	booktitle = {Wiley series in probability and statistics : Applied probability and statistics},
	booktitle = {A Wiley-Interscience publication},
	address = { New York, NY [u.a.] : },
	url = { http://slubdd.de/katalog?TN_libero_mab2)275985 }
}

@book{koecher2013lineare,
  title={Lineare algebra und analytische geometrie},
  author={Koecher, Max},
  year={2013},
  publisher={Springer-Verlag}
}

@book{pruscha2013angewandte,
  title={Angewandte Methoden der Mathematischen Statistik: Lineare, loglineare, logistische Modelle Finite und asymptotische Methoden},
  author={Pruscha, Helmut},
  year={2013},
  publisher={Springer-Verlag}
}

@incollection{rao1995linear,
  title={Linear models},
  author={Rao, Calyampudi Radhakrishna and Toutenburg, Helge},
  booktitle={Linear models, Least Squares and Alternatives},
  pages={3--18},
  year={1995},
  publisher={Springer}
}

@book{rencher2003methods,
  title={Methods of multivariate analysis},
  author={Rencher, Alvin C},
  volume={492},
  year={2003},
  publisher={John Wiley \& Sons}
}

@book{ryan2008modern,
  title={Modern regression methods},
  author={Ryan, Thomas P},
  volume={655},
  year={2008},
  publisher={John Wiley \& Sons}
}

@book{searle2016linear,
  title={Linear models},
  author={Searle, Shayle R and Gruber, Marvin HJ},
  year={2016},
  publisher={John Wiley \& Sons}
}

@book{seber2012linear,
  title={Linear regression analysis},
  author={Seber, George AF and Lee, Alan J},
  volume={329},
  year={2012},
  publisher={John Wiley \& Sons}
}

@book{stapleton2009linear,
  title={Linear statistical models},
  author={Stapleton, James H},
  volume={719},
  year={2009},
  publisher={John Wiley \& Sons}
}
